@book{tietze1978advanced,
  title={Advanced electronic circuits},
  author={Tietze, U. and Schenk, C. and Schmid, E.},
  isbn={9783540087502},
  lccn={78013342},
  url={http://books.google.com.au/books?id=bSlTAAAAMAAJ},
  year={1978},
  publisher={Springer-Verlag}
}